<record><leader>00000cas a22000007a 4500</leader><controlfield tag="001">17724097</controlfield><controlfield tag="008">880401d19731973caumr ne      0   a0eng d</controlfield><datafield ind1=" " ind2=" " tag="010"><subfield code="a">  2014218528</subfield></datafield><datafield ind1=" " ind2=" " tag="040"><subfield code="a">KFS</subfield><subfield code="b">eng</subfield><subfield code="c">KFS</subfield><subfield code="d">CNW</subfield><subfield code="d">OCL</subfield><subfield code="d">OCLCQ</subfield><subfield code="d">VA@</subfield><subfield code="d">OCLCQ</subfield><subfield code="d">CUV</subfield><subfield code="d">OCLCF</subfield><subfield code="d">DLC</subfield><subfield code="d">OCL</subfield><subfield code="d">CUS</subfield><subfield code="d">DLC</subfield></datafield><datafield ind1=" " ind2=" " tag="012"><subfield code="l">1</subfield></datafield><datafield ind1="0" ind2=" " tag="022"><subfield code="a">2470-5438</subfield><subfield code="2">1</subfield></datafield><datafield ind1=" " ind2=" " tag="042"><subfield code="a">msc</subfield><subfield code="a">nsdp</subfield></datafield><datafield ind1="0" ind2="0" tag="050"><subfield code="a">Newspaper</subfield></datafield><datafield ind1="1" ind2="4" tag="050"><subfield code="a">DS557</subfield><subfield code="b">I52</subfield></datafield><datafield ind1="1" ind2="0" tag="082"><subfield code="a">172.1</subfield><subfield code="2">23</subfield></datafield><datafield ind1="0" ind2=" " tag="130"><subfield code="a">Indochina bulletin (San Francisco, Calif.)</subfield></datafield><datafield ind1=" " ind2="0" tag="222"><subfield code="a">Indochina bulletin</subfield><subfield code="b">(San Franciso, Calif. Print)</subfield></datafield><datafield ind1="1" ind2="0" tag="245"><subfield code="a">Indochina bulletin.</subfield></datafield><datafield ind1=" " ind2=" " tag="260"><subfield code="a">San Francisco [Calif.] :</subfield><subfield code="b">Asia Information Group</subfield></datafield><datafield ind1=" " ind2=" " tag="300"><subfield code="a">v. :</subfield><subfield code="b">ill. ;</subfield><subfield code="c">45 cm.</subfield></datafield><datafield ind1=" " ind2=" " tag="310"><subfield code="a">Monthly</subfield></datafield><datafield ind1="1" ind2=" " tag="362"><subfield code="a">Began with no. 23 (Feb. 23-Mar. 15, 1973).</subfield></datafield><datafield ind1="1" ind2=" " tag="362"><subfield code="a">Ceased publication in 1973?</subfield></datafield><datafield ind1=" " ind2=" " tag="500"><subfield code="a">"A national anti-war newspaper," &lt;Apr. 1973&gt;-</subfield></datafield><datafield ind1=" " ind2=" " tag="530"><subfield code="a">Also available on microfilm.</subfield></datafield><datafield ind1=" " ind2=" " tag="580"><subfield code="a">Regional eds. published in Chicago, Ill. and Los Angeles, Calif., &lt;Apr. 1973&gt;.</subfield></datafield><datafield ind1=" " ind2=" " tag="588"><subfield code="a">Description based on: No. 24 (Apr. 1973); title from caption.</subfield></datafield><datafield ind1=" " ind2=" " tag="588"><subfield code="a">Latest issue consulted: No. 24 (April 1973).</subfield></datafield><datafield ind1=" " ind2="0" tag="650"><subfield code="a">Vietnam War, 1961-1975</subfield><subfield code="x">Protest movements</subfield><subfield code="v">Newspapers.</subfield></datafield><datafield ind1=" " ind2="7" tag="650"><subfield code="a">Antiwar movement</subfield><subfield code="x">Periodicals.</subfield><subfield code="2">poliscit</subfield></datafield><datafield ind1=" " ind2="0" tag="651"><subfield code="a">San Francisco (Calif.)</subfield><subfield code="v">Newspapers.</subfield></datafield><datafield ind1="2" ind2="7" tag="611"><subfield code="a">Vietnam War (1961-1975)</subfield><subfield code="2">fast</subfield><subfield code="0">(OCoLC)fst01431664</subfield></datafield><datafield ind1=" " ind2="7" tag="650"><subfield code="a">Protest movements.</subfield><subfield code="2">fast</subfield><subfield code="0">(OCoLC)fst01079826</subfield></datafield><datafield ind1=" " ind2="7" tag="651"><subfield code="a">California</subfield><subfield code="z">San Francisco.</subfield><subfield code="2">fast</subfield><subfield code="0">(OCoLC)fst01204481</subfield></datafield><datafield ind1=" " ind2="7" tag="648"><subfield code="a">1961 - 1975</subfield><subfield code="2">fast</subfield></datafield><datafield ind1=" " ind2="7" tag="655"><subfield code="a">Newspapers.</subfield><subfield code="2">fast</subfield><subfield code="0">(OCoLC)fst01423814</subfield></datafield><datafield ind1="2" ind2=" " tag="710"><subfield code="a">Asia Information Group.</subfield></datafield><datafield ind1=" " ind2=" " tag="752"><subfield code="a">United States</subfield><subfield code="b">California</subfield><subfield code="c">Alameda</subfield><subfield code="d">San Francisco.</subfield></datafield><datafield ind1="1" ind2=" " tag="775"><subfield code="t">Indochina bulletin (Chicago, Ill.)</subfield><subfield code="w">(DLC)sn 94053354</subfield><subfield code="w">(OCoLC)31422299</subfield></datafield><datafield ind1="0" ind2="8" tag="776"><subfield code="i">Online version:</subfield><subfield code="t">Indochina bulletin (San Francisco, Calif.)</subfield><subfield code="x">2470-5446</subfield><subfield code="w">(DLC)  2016200962</subfield><subfield code="w">(OCoLC)936107421</subfield></datafield><datafield ind1="1" ind2=" " tag="776"><subfield code="t">Indochina bulletin</subfield><subfield code="w">(OCoLC)9681387</subfield></datafield><datafield ind1="0" ind2="0" tag="780"><subfield code="t">War bulletin (Berkeley, Calif.)</subfield><subfield code="w">(DLC)sn 95063010</subfield><subfield code="w">(OCoLC)9681350</subfield></datafield><datafield ind1="4" ind2="1" tag="856"><subfield code="u">http://voices.revealdigital.com/cgi-bin/independentvoices?a=cl&amp;cl=CL1&amp;sp=BHHCEAJH&amp;ai=1</subfield></datafield></record>